@book{bertsimas1997introduction,
  title={Introduction to linear optimization},
  author={Bertsimas, Dimitris and Tsitsiklis, John N},
  volume={6},
  year={1997},
  publisher={Athena Scientific Belmont, MA}
}

@incollection{yang2004novel,
  title={A novel similarity measure for heuristic selection in examination timetabling},
  author={Yang, Yong and Petrovic, Sanja},
  booktitle={Practice and Theory of Automated Timetabling V},
  pages={247--269},
  year={2004},
  publisher={Springer}
}

@incollection{kingston2004tiling,
  title={A tiling algorithm for high school timetabling},
  author={Kingston, Jeffrey H},
  booktitle={Practice and Theory of Automated Timetabling V},
  pages={208--225},
  year={2004},
  publisher={Springer}
}

@book{naadriano,
  title={Aplica{\c{c}}{\~a}o da Teoria dos Jogos na Resolu{\c{c}}{\~a}o do Problema de Aloca{\c{c}}{\~a}o de Professores em Disciplinas},
  author={Adriano Alves Dod{\'o}},
  year={2011},
  school={Universidade Federal do Cear{\'a}}
}

@article{kristiansen2015integer,
  title={Integer programming for the generalized high school timetabling problem},
  author={Kristiansen, Simon and S{\o}rensen, Matias and Stidsen, Thomas R},
  journal={Journal of Scheduling},
  volume={18},
  number={4},
  pages={377--392},
  year={2015},
  publisher={Springer}
}

@article{lach2012curriculum,
  title={Curriculum based course timetabling: new solutions to Udine benchmark instances},
  author={Lach, Gerald and L{\"u}bbecke, Marco E},
  journal={Annals of Operations Research},
  volume={194},
  number={1},
  pages={255--272},
  year={2012},
  publisher={Springer}
}

@article{pillay2014survey,
  title={A survey of school timetabling research},
  author={Pillay, Nelishia},
  journal={Annals of Operations Research},
  volume={218},
  number={1},
  pages={261--293},
  year={2014},
  publisher={Springer}
}

@article{schaerf1999survey,
  title={A survey of automated timetabling},
  author={Schaerf, Andrea},
  journal={Artificial intelligence review},
  volume={13},
  number={2},
  pages={87--127},
  year={1999},
  publisher={Springer}
}

@book{hillier2010introduccao,
  title={Introdu{\c{c}}{\~a}o {\`a} pesquisa operacional},
  author={Hillier, Frederick S and Lieberman, Gerald J},
  year={2010},
  publisher={McGraw Hill}
}

@online{xhstt,
  author = {CTIT},
  title = {BENCHMARKING PROJECT FOR (HIGH) SCHOOL TIMETABLING},
  year = 2016,
  url = {https://www.utwente.nl/ctit/hstt/},
  urlaccessdate = {18 Maio 2016}
}

@online{ibmcplex,
  author = {IBM},
  title = {IBM ILOG CPLEX Optimization Studio},
  year = 2016,
  url = {http://www-03.ibm.com/software/products/pt/ibmilogcpleoptistud},
  urlaccessdate = {19 Maio 2016}
}

@book{schrijver1998theory,
  title={Theory of linear and integer programming},
  author={Schrijver, Alexander},
  year={1998},
  publisher={John Wiley \& Sons}
}

@book{luenberger1984linear,
  title={Linear and nonlinear programming},
  author={Luenberger, David G and Ye, Yinyu},
  volume={2},
  year={1984},
  publisher={Springer}
}

@online{itc,
  author = {ITC},
  title = {International Timetabling Competition},
  year = 2007,
  url = {http://www.cs.qub.ac.uk/itc2007/},
  urlaccessdate = {26 Maio 2016}
}

@incollection{kingston2013educational,
  title={Educational timetabling},
  author={Kingston, Jeffrey H},
  booktitle={Automated Scheduling and Planning},
  pages={91--108},
  year={2013},
  publisher={Springer}
}

@online{sqlite,
  title = {SQLite},
  year = 2016,
  url = {https://www.sqlite.org/},
  urlaccessdate = {26 Maio 2016}
}

@online{c++,
  title = {cplusplus},
  year = 2016,
  url = {http://www.cplusplus.com/},
  urlaccessdate = {26 Maio 2016}
}

@online{qt,
  title = {qt},
  year = 2016,
  url = {https://www.qt.io/},
  urlaccessdate = {26 Maio 2016}
}

@online{python,
  title = {python},
  year = 2016,
  url = {https://www.python.org/},
  urlaccessdate = {19 Novembro 2016}
}

@incollection{vslechta2004decomposition,
  title={Decomposition and parallelization of multi-resource timetabling problems},
  author={{\v{S}}lechta, Petr},
  booktitle={Practice and Theory of Automated Timetabling V},
  pages={177--189},
  year={2004},
  publisher={Springer}
}

@Article{Lewis2008,
author="Lewis, Rhydian",
title="A survey of metaheuristic-based techniques for University Timetabling problems",
journal="OR Spectrum",
year="2008",
volume="30",
number="1",
pages="167--190",
issn="1436-6304",
doi="10.1007/s00291-007-0097-0",
url="http://dx.doi.org/10.1007/s00291-007-0097-0"
}